% ============================================
% SURVEILLANCE AND SOCIETY SOURCES
% ============================================

@misc{overvagningsekspert2025,
    author = {{Advokatsamfundet}},
    title = {Overvågningsekspert råber vagt i gevær: Vi risikerer at miste det frie samfund},
    year = {2025},
    url = {https://www.advokatsamfundet.dk/nyheder-medier/nyheder/2025/overvagningsekspert-raber-vagt-i-gevaer-vi-risikerer-at-miste-det-frie-samfund/},
    note = {Accessed: 23-Sep-2025}
}

@misc{videnskab2024,
    author = {{Videnskab.dk}},
    title = {Føler du dig tryggere med videoovervågning? {D}et burde du ikke},
    year = {2024},
    url = {https://videnskab.dk/kultur-samfund/foeler-du-dig-tryggere-med-videoovervaagning-det-burde-du-ikke/},
    note = {Accessed: 23-Sep-2025}
}

@misc{politiet2024opfordrer,
    author = {{Rigspolitiet}},
    title = {Politiet opfordrer: {F}ortæl os, hvis du har et overvågningskamera},
    year = {2024},
    month = jun,
    url = {https://politi.dk/rigspolitiet/nyhedsliste/politiet-opfordrer-fortael-os-hvis-du-har-et-overvaagningskamera/2024/06/05},
    note = {Accessed: 23-Sep-2025}
}

@misc{politiet2024registrer,
    author = {{Politi.dk}},
    title = {Registrer dine overvågningskameraer},
    year = {2024},
    url = {https://politi.dk/service-og-tilladelser/tv-overvaagning/registrer-dine-overvaagningskameraer},
    note = {Accessed: 23-Sep-2025}
}

@misc{sikkerhedsbranchen2024,
    author = {{SikkerhedsBranchen}},
    title = {{POLCAM}},
    year = {2024},
    url = {https://www.sikkerhedsbranchen.dk/vidensartikler-polcam/},
    note = {Accessed: 23-Sep-2025}
}

@misc{securitas2024guide,
    author = {{Securitas}},
    title = {Guide: {S}ådan registrerer du dine kameraer i {POLCAM}},
    year = {2024},
    url = {https://www.securitas.dk/artikler-viden/guide-sadan-registrerer-du-dine-kameraer-i-polcam/},
    note = {Accessed: 23-Sep-2025}
}

@misc{bolius2024,
    author = {{Bolius}},
    title = {Overvågningskamera i private hjem -- læs om regler og virkning her},
    year = {2024},
    url = {https://www.bolius.dk/overvaagning-med-overvaagningskamera-47516},
    note = {Accessed: 23-Sep-2025}
}

@misc{retailnews2025,
    author = {{Retail News}},
    title = {Tyveri plager detailhandlen og øger priserne},
    year = {2025},
    url = {https://www.retailnews.dk/article/view/1154412/tyveri_plager_detailhandlen_og_oger_priserne},
    note = {Accessed: 23-Sep-2025}
}

@misc{danskerhverv2025rapport,
    author = {{Dansk Erhverv}},
    title = {Se udviklingen: {N}y rapport viser at butikstyverierne fortsatte opad og moralen nedad i 2024},
    year = {2025},
    month = jul,
    url = {https://www.danskerhverv.dk/presse-og-nyheder/nyheder/2025/juli/se-udviklingen-ny-rapport-viser-at-butikstyverierne-fortsatte-opad-og-moralen-nedad-i-2024/},
    note = {Accessed: 23-Sep-2025}
}

@misc{securityuser2025,
    author = {{Security User}},
    title = {80 procent af danske butikker oplever flere tyverier},
    year = {2025},
    url = {https://www.securityuser.com/dk/Nyheder/Samfund/80-procent-af-danske-butikker-oplever-flere-tyverier1},
    note = {Accessed: 23-Sep-2025}
}

@misc{securitas2024butik,
    author = {{Securitas}},
    title = {Videoovervågning: 8 fordele for din butik},
    year = {2024},
    url = {https://www.securitas.dk/artikler-viden/overvag-din-butik/},
    note = {Accessed: 23-Sep-2025}
}

@misc{tryghedspakke2019,
    author = {{Justitsministeriet}},
    title = {Tryghed og sikkerhed i det offentlige rum},
    year = {2019},
    month = oct,
    url = {https://www.justitsministeriet.dk/wp-content/uploads/2019/10/tryghed_og_sikkerhed_i_det_offentlige_rum.pdf},
    note = {Accessed: 23-Sep-2025}
}

@misc{dkr_tv_overvaagning,
    author = {{Det Kriminalpræventive Råd}},
    title = {{TV}-overvågning},
    url = {https://dkr.dk/media/7290/tv-overvaagning.pdf},
    note = {Accessed: 23-Sep-2025}
}

@misc{lov_tv_overvaagning2023,
    author = {Louise Black Mogensen},
    title = {Bekendtgørelse af lov om tv-overvågning},
    year = {2023},
    howpublished = {Lovtidende A},
    url = {https://www.lovtidende.dk/api/pdf/215720},
    note = {Accessed: 28-Sep-2025}
}

@misc{kromann_polcam2021,
    author = {{Kromann Reumert}},
    title = {Nu bliver det et krav at registrere sine overvågningskameraer},
    year = {2021},
    url = {https://kromannreumert.com/nyheder/nu-bliver-krav-registrere-sine-overvaagnings-kameraer},
    note = {Accessed: 28-Sep-2025}
}

@misc{menneskeret_overvaagning,
    author = {{Institut for Menneskerettigheder}},
    title = {Med mere overvågning følger mindre privatliv},
    year = {2025},
    url = {https://menneskeret.dk/nyheder/mere-overvaagning-foelger-mindre-privatliv},
    note = {Accessed: 23-Sep-2025}
}

@misc{justitia_overvaagning,
    author = {{Justitia}},
    title = {Rapport: {Ø}get overvågning udfordrer retsstaten},
    year = {2024},
    url = {https://justitia-int.org/rapport-oeget-overvaagning-udfordrer-retsstaten/},
    note = {Accessed: 23-Sep-2025}
}

% ============================================
% CASE EXAMPLES
% ============================================

@misc{emilie_meng_wiki,
    author = {{Wikipedia}},
    title = {Drabet på {E}milie {M}eng},
    year = {2024},
    url = {https://da.wikipedia.org/wiki/Drabet_p%C3%A5_Emilie_Meng},
    note = {Accessed: 23-Sep-2025}
}

@misc{emilie_meng_avisen,
    author = {{Avisen.dk}},
    title = {Sådan kom politiet på sporet af den 37-årige},
    year = {2022},
    url = {https://www.avisen.dk/overvaagning-og-gps-oplysninger-sendte-politi-paa-sp_731284.aspx},
    note = {Accessed: 23-Sep-2025}
}

@misc{mia_stevn_avisen,
    author = {{Avisen.dk}},
    title = {Sådan kom politiet på sporet af den 37-årige},
    year = {2022},
    url = {https://www.avisen.dk/overvaagning-og-gps-oplysninger-sendte-politi-paa-sp_731284.aspx},
    note = {Accessed: 23-Sep-2025}
}

@techreport{aic_cctv2019,
    author = {{Australian Institute of Criminology}},
    title = {Does {CCTV} help police solve crimes?},
    institution = {Australian Institute of Criminology},
    year = {2019},
    url = {https://www.aic.gov.au/sites/default/files/2020-05/ti576_does_cctv_help_police_solve_crime.pdf},
    note = {Accessed: 23-Sep-2025}
}

% ============================================
% TECHNICAL - COMPUTER VISION & AI
% ============================================

@misc{IntroPReID2023,
    author = {Aditya Mohan},
    title = {Introduction to {P}erson {R}e-{I}dentification},
    year = {2023},
    url = {https://towardsai.net/p/computer-vision/introduction-to-person-re-identification},
    note = {Accessed: 24-Sep-2025}
}

@article{dong2015imagesuperresolutionusingdeep,
    author = {Chao Dong and Chen Change Loy and Kaiming He and Xiaoou Tang},
    title = {Image Super-Resolution Using Deep Convolutional Networks},
    journal = {IEEE Transactions on Pattern Analysis and Machine Intelligence},
    year = {2016},
    volume = {38},
    number = {2},
    pages = {295--307},
    doi = {10.1109/TPAMI.2015.2439281},
    note = {arXiv preprint arXiv:1501.00092}
}

@inproceedings{Wang2019ESRGAN,
    author = {Xintao Wang and Ke Yu and Shixiang Wu and Jinjin Gu and Yihao Liu and Chao Dong and Chen Change Loy and Yu Qiao and Xiaoou Tang},
    title = {{ESRGAN}: {E}nhanced Super-Resolution Generative Adversarial Networks},
    booktitle = {Proceedings of the European Conference on Computer Vision (ECCV) Workshops},
    year = {2018},
    pages = {63--79},
    publisher = {Springer},
    address = {Cham},
    doi = {10.1007/978-3-030-11021-5_5}
}

@inproceedings{Blau2018PerceptionDistortion,
    author = {Yochai Blau and Tomer Michaeli},
    title = {The Perception-Distortion Tradeoff},
    booktitle = {Proceedings of the IEEE Conference on Computer Vision and Pattern Recognition (CVPR)},
    year = {2018},
    pages = {6228--6237},
    doi = {10.1109/CVPR.2018.00652}
}

@misc{arxiv_superres2021,
    author = {Muhammad Ali Farooq and Ammar Ali Khan and Ansar Ahmad and Rana Hammad Raza},
    title = {Effectiveness of State-of-the-Art Super Resolution Algorithms in Surveillance Environment},
    year = {2021},
    howpublished = {arXiv preprint},
    note = {arXiv:2107.04133},
    url = {https://arxiv.org/pdf/2107.04133}
}

@inproceedings{nightvision_enhancement2018,
    author = {Aashish Bhandari and Aayush Kafle and Pranjal Dhakal and Prateek Raj Joshi and Dinesh Baniya Kshatri},
    title = {Image Enhancement and Object Recognition for Night Vision Surveillance},
    booktitle = {Proceedings of the International Conference on Communication and Signal Processing (ICCSP)},
    year = {2018},
    pages = {0860--0864},
    doi = {10.1109/ICCSP.2018.8524415}
}

@misc{opencv2025visionproblems,
    author = {{OpenCV Team}},
    title = {Your 2025 Guide to the Top 6 Computer Vision Problems},
    year = {2024},
    url = {https://opencv.org/blog/computer-vision-problems/},
    note = {Accessed: 28-Sep-2025}
}

@misc{common_challenges_image_class2024,
    author = {{Keylabs.ai}},
    title = {Common Challenges in Image Classification and Solutions},
    year = {2024},
    url = {https://keylabs.ai/blog/common-challenges-in-image-classification-and-solutions/},
    note = {Accessed: 28-Sep-2025}
}

% ============================================
% CAMERA TECHNOLOGY
% ============================================

@misc{unc_camera_pipeline,
    author = {{University of North Carolina}},
    title = {Lecture 4: {C}amera Imaging Pipeline},
    year = {2023},
    url = {https://www.cs.unc.edu/~ronisen/teaching/spring_2023/web_materials/lecture4_camera.pdf},
    note = {Accessed: 28-Sep-2025}
}

@misc{korene_imatest2022_cv_iq,
    author = {Henry Koren},
    title = {Correlating the Performance of Computer Vision Algorithms with Objective Image Quality Metrics},
    year = {2022},
    month = jun,
    url = {https://www.imatest.com/2022/06/correlating-the-performance-of-computer-vision-algorithms-with-objective-image-quality-metrics/},
    note = {Accessed: 28-Sep-2025}
}

%=============================================% RELATED WORKS
%=============================================
@misc{FPNN,
    author = {Wei Li and Rui Zhao and Tong Xiao and Xiaogang Wang},
    title = {DeepReID: Deep Filter Pairing Neural Network for Person Re-Identification},
    year = {2014},
    url = {https://openaccess.thecvf.com/content_cvpr_2014/papers/Li_DeepReID_Deep_Filter_2014_CVPR_paper.pdf},
    note = {accessed: 5-oct-2025}
}

@misc{SRCNN,
    author = {Chao Dong and Chen Change Loy and Kaiming He and Xiaoou Tang},
    title = {Learning a Deep Convolutional Network for Image Super-Resolution},
    year = {2014},
    url = {https://link.springer.com/chapter/10.1007/978-3-319-10593-2_13},
    note = {accessed: 5-oct-2025}
}

@misc{FFSR,
    author = {Chao Dong and Chen Change Loy and Kaiming He and Xiaoou Tang},
    title = {Resolution-invariant Person Re-Identification},
    year = {2019},
    url = {https://arxiv.org/pdf/1906.09748},
    note = {accessed: 5-oct-2025}
}

% ============================================
% METHODOLOGY & REQUIREMENTS
% ============================================

@misc{Moscow,
    author = {{Product Plan}},
    title = {{MoSCoW} Prioritization},
    year = {2025},
    url = {https://www.productplan.com/glossary/moscow-prioritization/},
    note = {Accessed: 28-Sep-2025}
}

@misc{usecase,
    author = {{IBM}},
    title = {Use case specification outline},
    year = {2025},
    url = {https://www.ibm.com/docs/en/engineering-lifecycle-management-suite/doors-next/7.0.3?topic=cases-use-case-specification-outline},
    note = {Accessed: 28-Sep-2025}
}

@misc{testspec_geek,
    author = {thekanishkagupta},
    title = {Specification-Based Testing},
    year = {2025},
    url = {https://www.geeksforgeeks.org/software-testing/specification-based-testing/},
    note = {Accessed: 30-Sep-2025}
}

@misc{MilestoneSystems2025,
    author = {{Milestone Systems A/S}},
    title = {Milestone Systems},
    year = {2025},
    url = {https://www.milestonesys.com/},
    note = {Accessed: 01-Oct-2025}
}

% ============================================
% RE-IDENTIFICATION
% ============================================
@article{ye2021deeplearningpersonreidentification,
  title={Deep Learning for Person Re-identification: A Survey and Outlook},
  author={Ye, Mang and Shen, Jianbing and Lin, Gaojie and Xiang, Tao and Shao, Ling and Hoi, Steven C. H.},
  journal={IEEE Transactions on Pattern Analysis and Machine Intelligence},
  volume={44},
  number={6},
  pages={2872--2893},
  year={2022},
  publisher={IEEE},
  doi={10.1109/TPAMI.2021.3054775}
}

@article{leng2019surveydeeplearningbased,
  title={A Survey of Open-World Person Re-identification},
  author={Leng, Qingming and Ye, Mang and Tian, Qi},
  journal={IEEE Transactions on Circuits and Systems for Video Technology},
  volume={30},
  number={4},
  pages={1092--1108},
  year={2020},
  publisher={IEEE},
  doi={10.1109/TCSVT.2019.2898940}
}

@inproceedings{sun2019perceivemeetfewshotlearning,
  title={Perceive Where to Focus: Learning Visibility-Aware Part-Level Features for Partial Person Re-Identification},
  author={Sun, Yifan and Xu, Qin and Li, Yali and Zhang, Chi and Li, Yikang and Wang, Shengjin and Sun, Jian},
  booktitle={Proceedings of the IEEE/CVF Conference on Computer Vision and Pattern Recognition (CVPR)},
  pages={393--402},
  year={2019},
  doi={10.1109/CVPR.2019.00048}
}

@inproceedings{hermans2017indefensetriplettripletloss,
  title={In Defense of the Triplet Loss for Person Re-Identification},
  author={Hermans, Alexander and Beyer, Lucas and Leibe, Bastian},
  booktitle={arXiv preprint arXiv:1703.07737},
  year={2017},
  url={https://arxiv.org/abs/1703.07737}
}

@inproceedings{luo2019bagoftricksstrongbaseline,
  title={Bag of Tricks and a Strong Baseline for Deep Person Re-Identification},
  author={Luo, Hao and Gu, Youzhi and Liao, Xingyu and Lai, Shenqi and Jiang, Wei},
  booktitle={Proceedings of the IEEE/CVF Conference on Computer Vision and Pattern Recognition Workshops (CVPRW)},
  pages={1487--1495},
  year={2019},
  doi={10.1109/CVPRW.2019.00190}
}

@inproceedings{zhou2019omniscalefeaturelearningperson,
  title={Omni-Scale Feature Learning for Person Re-Identification},
  author={Zhou, Kaiyang and Yang, Yongxin and Cavallaro, Andrea and Xiang, Tao},
  booktitle={Proceedings of the IEEE/CVF International Conference on Computer Vision (ICCV)},
  pages={3702--3712},
  year={2019},
  doi={10.1109/ICCV.2019.00380}
}

@article{li2024comprehensivesurveyvideoperson,
  title={A Comprehensive Survey on Video-Based Person Re-Identification: Datasets, Methods and Challenges},
  author={Li, Xiangyang and Wu, Ancong and Zheng, Wei-Shi},
  journal={EURASIP Journal on Advances in Signal Processing},
  volume={2024},
  number={1},
  pages={1--38},
  year={2024},
  publisher={SpringerOpen},
  doi={10.1186/s13634-024-01139-x}
}

@inproceedings{he2016deepresiduallearningimage,
  title={Deep Residual Learning for Image Recognition},
  author={He, Kaiming and Zhang, Xiangyu and Ren, Shaoqing and Sun, Jian},
  booktitle={Proceedings of the IEEE Conference on Computer Vision and Pattern Recognition (CVPR)},
  pages={770--778},
  year={2016},
  doi={10.1109/CVPR.2016.90}
}

@inproceedings{he2021transreidwealytrainingtransformers,
  title={TransReID: Transformer-based Object Re-Identification},
  author={He, Shuting and Luo, Hao and Wang, Pichao and Wang, Fan and Li, Hao and Jiang, Wei},
  booktitle={Proceedings of the IEEE/CVF International Conference on Computer Vision (ICCV)},
  pages={15013--15022},
  year={2021},
  doi={10.1109/ICCV48922.2021.01474}
}

@inproceedings{zheng2015scalabledissimilaritysearchmarket1501,
  title={Scalable Person Re-identification: A Benchmark},
  author={Zheng, Liang and Shen, Liyue and Tian, Lu and Wang, Shengjin and Wang, Jingdong and Tian, Qi},
  booktitle={Proceedings of the IEEE International Conference on Computer Vision (ICCV)},
  pages={1116--1124},
  year={2015},
  doi={10.1109/ICCV.2015.133}
}

@inproceedings{wei2018persontransferdeepmulticamera,
  title={Person Transfer GAN to Bridge Domain Gap for Person Re-Identification},
  author={Wei, Longhui and Zhang, Shiliang and Gao, Wen and Tian, Qi},
  booktitle={Proceedings of the IEEE Conference on Computer Vision and Pattern Recognition (CVPR)},
  pages={79--88},
  year={2018},
  doi={10.1109/CVPR.2018.00016}
}

@inproceedings{Nguyen2024TacklingDomainShifts,
  title={Tackling Domain Shifts in Person Re-Identification: A Survey and Analysis of Recent Approaches},
  author={Nguyen, Khanh and Huynh, Dat and Sridharan, Sridha and Fookes, Clinton},
  booktitle={Proceedings of the IEEE/CVF Conference on Computer Vision and Pattern Recognition Workshops (CVPRW)},
  pages={5615--5624},
  year={2024},
  url={https://openaccess.thecvf.com/content/CVPR2024W/CLVISION/papers/Nguyen_Tackling_Domain_Shifts_in_Person_Re-Identification_A_Survey_and_Analysis_CVPRW_2024_paper.pdf}
}

@article{wang2020resolutionrobustlargesaleperson,
  title={Resolution-Aware Knowledge Distillation for Efficient Inference},
  author={Wang, Guangcong and Luo, Chuan and Sun, Xiaoqin and Xiong, Zhiwei and Zeng, Wenjun},
  journal={IEEE Transactions on Image Processing},
  volume={30},
  pages={6985--6996},
  year={2021},
  publisher={IEEE},
  doi={10.1109/TIP.2021.3104174}
}

% Superres
@article{Farsiu2004Survey,
  author  = {Saeed Farsiu and M. Dirk Robinson and Michael Elad and Peyman Milanfar},
  title   = {Fast and Robust Multiframe Super Resolution},
  journal = {IEEE Transactions on Image Processing},
  year    = {2004},
  volume  = {13},
  number  = {10},
  pages   = {1327--1344},
  url     = {https://milanfar.org/papers/FarsiuTIP04.pdf}
}

@article{Wang2019Survey,
  author  = {Zhihao Wang and Jiawei Chen and Steven C. H. Hoi},
  title   = {Deep Learning for Image Super-Resolution: A Survey},
  journal = {arXiv:1902.06068},
  year    = {2019},
  url     = {https://arxiv.org/abs/1902.06068}
}



@inproceedings{Agustsson2017NTIRE,
  author    = {Eirikur Agustsson and Radu Timofte},
  title     = {NTIRE 2017 Challenge on Single Image Super-Resolution: Dataset and Study},
  booktitle = {CVPR Workshops},
  year      = {2017},
  url       = {https://openaccess.thecvf.com/content_cvpr_2017_workshops/w12/papers/Agustsson_NTIRE_2017_Challenge_CVPR_2017_paper.pdf}
}

@inproceedings{Timofte2017NTIRE,
  author    = {Radu Timofte and others},
  title     = {NTIRE 2017 Challenge on Single Image Super-Resolution},
  booktitle = {CVPR Workshops},
  year      = {2017},
  url       = {https://openaccess.thecvf.com/content_cvpr_2017_workshops/w12/papers/Timofte_NTIRE_2017_Challenge_CVPR_2017_paper.pdf}
}

@article{Cai2019RealSR,
  author  = {Jianrui Cai and Hui Zeng and Hongwei Yong and Zisheng Cao and Lei Zhang},
  title   = {Toward Real-World Single Image Super-Resolution: A New Benchmark and A New Model},
  journal = {arXiv:1904.00523},
  year    = {2019},
  url     = {https://arxiv.org/abs/1904.00523}
}

@inproceedings{Wei2020DRealSR,
  author    = {Pengxu Wei and Ziwei Xie and Hannan Lu and Zongyuan Zhan and Qixiang Ye and Wangmeng Zuo and Liang Lin},
  title     = {Component Divide-and-Conquer for Real-World Image Super-Resolution},
  booktitle = {ECCV},
  year      = {2020},
  url       = {https://www.ecva.net/papers/eccv_2020/papers/123530103.pdf}
}

@article{Wang2021RealESRGAN,
  author  = {Xintao Wang and Liangbin Xie and Chao Dong and Ying Shan},
  title   = {Real-ESRGAN: Training Real-World Blind Super-Resolution with Pure Synthetic Data},
  journal = {arXiv:2107.10833},
  year    = {2021},
  url     = {https://arxiv.org/abs/2107.10833}
}

@inproceedings{Lugmayr2020NTIRE,
  author    = {Andreas Lugmayr and Martin Danelljan and Radu Timofte and others},
  title     = {NTIRE 2020 Challenge on Real-World Image Super-Resolution: Methods and Results},
  booktitle = {CVPR Workshops},
  year      = {2020},
  url       = {https://openaccess.thecvf.com/content_CVPRW_2020/papers/w31/Lugmayr_NTIRE_2020_Challenge_on_Real-World_Image_Super-Resolution_Methods_and_Results_CVPRW_2020_paper.pdf}
}

@article{Wang2004SSIM,
  author  = {Zhou Wang and Alan C. Bovik and Hamid R. Sheikh and Eero P. Simoncelli},
  title   = {Image Quality Assessment: From Error Visibility to Structural Similarity},
  journal = {IEEE Transactions on Image Processing},
  year    = {2004},
  volume  = {13},
  number  = {4},
  pages   = {600--612},
  url     = {https://www.cns.nyu.edu/pub/lcv/wang03-preprint.pdf}
}

@inproceedings{Zhang2018LPIPS,
  author    = {Richard Zhang and Phillip Isola and Alexei A. Efros and Eli Shechtman and Oliver Wang},
  title     = {The Unreasonable Effectiveness of Deep Features as a Perceptual Metric},
  booktitle = {CVPR},
  year      = {2018},
  url       = {https://arxiv.org/abs/1801.03924}
}

@article{Mittal2013NIQE,
  author  = {Anish Mittal and Rajiv Soundararajan and Alan C. Bovik},
  title   = {Making a ``Completely Blind'' Image Quality Analyzer},
  journal = {IEEE Signal Processing Letters},
  year    = {2013},
  volume  = {20},
  number  = {3},
  pages   = {209--212},
  url     = {https://ieeexplore.ieee.org/document/6353522}
}

@inproceedings{Ledig2017SRGAN,
  author    = {Christian Ledig and Lucas Theis and Ferenc Husz{\'a}r and Jose Caballero and Andrew Cunningham and Alejandro Acosta and Andrew Aitken and Alykhan Tejani and Johannes Totz and Zehan Wang and Wenzhe Shi},
  title     = {Photo-Realistic Single Image Super-Resolution Using a Generative Adversarial Network},
  booktitle = {CVPR},
  year      = {2017},
  url       = {https://openaccess.thecvf.com/content_cvpr_2017/papers/Ledig_Photo-Realistic_Single_Image_CVPR_2017_paper.pdf}
}

@inproceedings{Wang2018ESRGAN,
  author    = {Xintao Wang and Ke Yu and Shixiang Wu and Jinjin Gu and Yihao Liu and Chao Dong and Chen Change Loy and Yu Qiao and Xiaoou Tang},
  title     = {ESRGAN: Enhanced Super-Resolution Generative Adversarial Networks},
  booktitle = {ECCV Workshops},
  year      = {2018},
  url       = {https://openaccess.thecvf.com/content_eccv_2018_workshops/w25/html/Wang_ESRGAN_Enhanced_Super-Resolution_Generative_Adversarial_Networks_ECCVW_2018_paper.html}
}

